% Encoding: UTF-8

@Book{dayan2005theoretical,
  author    = {Dayan, Peter and Abbott, Laurence F},
  publisher = {MIT press},
  title     = {Theoretical neuroscience: computational and mathematical modeling of neural systems},
  year      = {2005},
}

@Article{tragenap2023nature,
  author  = {Tr{\"a}genap, Sigrid and Whitney, David E and Fitzpatrick, David and Kaschube, Matthias},
  journal = {bioRxiv},
  title   = {The nature-nurture transform underlying the emergence of reliable cortical representations},
  year    = {2023},
  number  = {2022.11. 14.516507},
}

@Article{Soch2019,
  author  = {Soch, Joram, et al.},
  journal = {Proof: Linear transformation theorem for the multivariate normal distribution /Zenodo. https://doi.org/10.5281/ZENODO.4305949},
  title   = {StatProofBook/StatProofBook.github.io: StatProofBook 2022 (Version 2022).},
  year    = {2019},
  url     = {Zenodo. https://doi.org/10.5281/ZENODO.4305949},
}

@Article{bartolo2020dimensionality,
  author    = {Bartolo, Ramon and Saunders, Richard C and Mitz, Andrew R and Averbeck, Bruno B},
  journal   = {PLoS computational biology},
  title     = {Dimensionality, information and learning in prefrontal cortex},
  year      = {2020},
  number    = {4},
  pages     = {e1007514},
  volume    = {16},
  publisher = {Public Library of Science San Francisco, CA USA},
}

@Article{badre2021dimensionality,
  author    = {Badre, David and Bhandari, Apoorva and Keglovits, Haley and Kikumoto, Atsushi},
  journal   = {Current Opinion in Behavioral Sciences},
  title     = {The dimensionality of neural representations for control},
  year      = {2021},
  pages     = {20--28},
  volume    = {38},
  publisher = {Elsevier},
}

@Article{imaizumi2018spontaneous,
  author = {Imaizumi, K and Lee, CC and MacLean, JN and Ruthazer, ES},
  title  = {Spontaneous Activity in the Sensory System. Lausanne: Frontiers Media. doi: 10.3389},
  year   = {2018},
}

@Comment{jabref-meta: databaseType:bibtex;}
