% Encoding: UTF-8

@Book{dayan2005theoretical,
  author    = {Dayan, Peter and Abbott, Laurence F},
  publisher = {MIT press},
  title     = {Theoretical neuroscience: computational and mathematical modeling of neural systems},
  year      = {2005},
}

@Article{tragenap2023nature,
  author  = {Tr{\"a}genap, Sigrid and Whitney, David E and Fitzpatrick, David and Kaschube, Matthias},
  journal = {bioRxiv},
  title   = {The nature-nurture transform underlying the emergence of reliable cortical representations},
  year    = {2023},
  number  = {2022.11. 14.516507},
}

@Article{Soch2019,
  author  = {Soch, Joram, et al.},
  journal = {Proof: Linear transformation theorem for the multivariate normal distribution /Zenodo. https://doi.org/10.5281/ZENODO.4305949},
  title   = {StatProofBook/StatProofBook.github.io: StatProofBook 2022 (Version 2022).},
  year    = {2019},
  url     = {Zenodo. https://doi.org/10.5281/ZENODO.4305949},
}

@Article{bartolo2020dimensionality,
  author    = {Bartolo, Ramon and Saunders, Richard C and Mitz, Andrew R and Averbeck, Bruno B},
  journal   = {PLoS computational biology},
  title     = {Dimensionality, information and learning in prefrontal cortex},
  year      = {2020},
  number    = {4},
  pages     = {e1007514},
  volume    = {16},
  publisher = {Public Library of Science San Francisco, CA USA},
}

@Article{badre2021dimensionality,
  author    = {Badre, David and Bhandari, Apoorva and Keglovits, Haley and Kikumoto, Atsushi},
  journal   = {Current Opinion in Behavioral Sciences},
  title     = {The dimensionality of neural representations for control},
  year      = {2021},
  pages     = {20--28},
  volume    = {38},
  publisher = {Elsevier},
}

@Article{imaizumi2018spontaneous,
  author = {Imaizumi, K and Lee, CC and MacLean, JN and Ruthazer, ES},
  title  = {Spontaneous Activity in the Sensory System. Lausanne: Frontiers Media. doi: 10.3389},
  year   = {2018},
}

@Article{rajan2006eigenvalue,
  author    = {Rajan, Kanaka and Abbott, Larry F},
  journal   = {Physical review letters},
  title     = {Eigenvalue spectra of random matrices for neural networks},
  year      = {2006},
  number    = {18},
  pages     = {188104},
  volume    = {97},
  publisher = {APS},
}

@Article{mastrogiuseppe2018linking,
  author    = {Mastrogiuseppe, Francesca and Ostojic, Srdjan},
  journal   = {Neuron},
  title     = {Linking connectivity, dynamics, and computations in low-rank recurrent neural networks},
  year      = {2018},
  number    = {3},
  pages     = {609--623},
  volume    = {99},
  publisher = {Elsevier},
}

@Article{harris2013cortical,
  author    = {Harris, Kenneth D and Mrsic-Flogel, Thomas D},
  journal   = {Nature},
  title     = {Cortical connectivity and sensory coding},
  year      = {2013},
  number    = {7474},
  pages     = {51--58},
  volume    = {503},
  publisher = {Nature Publishing Group UK London},
}

@Article{beiran2021shaping,
  author    = {Beiran, Manuel and Dubreuil, Alexis and Valente, Adrian and Mastrogiuseppe, Francesca and Ostojic, Srdjan},
  journal   = {Neural Computation},
  title     = {Shaping dynamics with multiple populations in low-rank recurrent networks},
  year      = {2021},
  number    = {6},
  pages     = {1572--1615},
  volume    = {33},
  publisher = {MIT Press One Rogers Street, Cambridge, MA 02142-1209, USA journals-info~…},
}

@Article{beiran2023parametric,
  author    = {Beiran, Manuel and Meirhaeghe, Nicolas and Sohn, Hansem and Jazayeri, Mehrdad and Ostojic, Srdjan},
  journal   = {Neuron},
  title     = {Parametric control of flexible timing through low-dimensional neural manifolds},
  year      = {2023},
  number    = {5},
  pages     = {739--753},
  volume    = {111},
  publisher = {Elsevier},
}

@Article{dubreuil2022role,
  author    = {Dubreuil, Alexis and Valente, Adrian and Beiran, Manuel and Mastrogiuseppe, Francesca and Ostojic, Srdjan},
  journal   = {Nature neuroscience},
  title     = {The role of population structure in computations through neural dynamics},
  year      = {2022},
  number    = {6},
  pages     = {783--794},
  volume    = {25},
  publisher = {Nature Publishing Group US New York},
}
@Article{mulholland2023selective,
  author    = {H.N. Mulholland, S. Trägenap, M. Kaschube, G.B. Smith},
  journal   = {Neuroscience 2023, https://www.abstractsonline.com/pp8/#!/10892/presentation/29431},
  title     = {Selective amplification of recurrent subnetworks in the developing visual cortex},
  year      = {2023},
  number    = {PSTR149.11.},
  publisher = {Society for Neuroscience, 2023. Online},
}
@Article{marre2009reliable,
  title={Reliable recall of spontaneous activity patterns in cortical networks},
  author={Marre, Olivier and Yger, Pierre and Davison, Andrew P and Fr{\'e}gnac, Yves},
  journal={Journal of neuroscience},
  volume={29},
  number={46},
  pages={14596--14606},
  year={2009},
  publisher={Soc Neuroscience}
}
@online{cosyne2023,
   title = {Mechanisms underlying the self-organization of patterned activity in the developing visual cortex},
   date = {11.03.2023},
   organization = {Computational and systems neuroscience},
   author = {H. Mulholland, M. Kaschube, G. Smith, },
   url = {https://www.youtube.com/watch?v=0eSzx_cvqJU},
    }
@article{ackman2014role,
  title={Role of emergent neural activity in visual map development},
  author={Ackman, James B and Crair, Michael C},
  journal={Current opinion in neurobiology},
  volume={24},
  pages={166--175},
  year={2014},
  publisher={Elsevier}
}
@article{feldheim2010visual,
  title={Visual map development: bidirectional signaling, bifunctional guidance molecules, and competition},
  author={Feldheim, David A and O’Leary, Dennis DM},
  journal={Cold Spring Harbor perspectives in biology},
  volume={2},
  number={11},
  pages={a001768},
  year={2010},
  publisher={Cold Spring Harbor Lab}
}
@article{goodhill2016can,
  title={Can molecular gradients wire the brain?},
  author={Goodhill, Geoffrey J},
  journal={Trends in neurosciences},
  volume={39},
  number={4},
  pages={202--211},
  year={2016},
  publisher={Elsevier}
}
@article{huberman2008mechanisms,
  title={Mechanisms underlying development of visual maps and receptive fields},
  author={Huberman, Andrew D and Feller, Marla B and Chapman, Barbara},
  journal={Annu. Rev. Neurosci.},
  volume={31},
  pages={479--509},
  year={2008},
  publisher={Annual Reviews}
}
@article{avitan2018code,
  title={Code under construction: neural coding over development},
  author={Avitan, Lilach and Goodhill, Geoffrey J},
  journal={Trends in Neurosciences},
  volume={41},
  number={9},
  pages={599--609},
  year={2018},
  publisher={Elsevier}
}
@article{barlow1975visual,
  title={Visual experience and cortical development},
  author={Barlow, H Bo},
  journal={Nature},
  volume={258},
  number={5532},
  pages={199--204},
  year={1975},
  publisher={Nature Publishing Group UK London}
}
@article{espinosa2012development,
  title={Development and plasticity of the primary visual cortex},
  author={Espinosa, J Sebastian and Stryker, Michael P},
  journal={Neuron},
  volume={75},
  number={2},
  pages={230--249},
  year={2012},
  publisher={Elsevier}
}
@article{fregnac1984development,
  title={Development of neuronal selectivity in primary visual cortex of cat.},
  author={Fr{\'e}gnac, Yves and Imbert, Michel},
  journal={Physiological reviews},
  volume={64},
  number={1},
  pages={325--434},
  year={1984}
}
@article{white2007vision,
  title={Vision and cortical map development},
  author={White, Leonard E and Fitzpatrick, David},
  journal={Neuron},
  volume={56},
  number={2},
  pages={327--338},
  year={2007},
  publisher={Elsevier}
}
@article{feller1996requirement,
  title={Requirement for cholinergic synaptic transmission in the propagation of spontaneous retinal waves},
  author={Feller, Marla B and Wellis, David P and Stellwagen, David and Werblin, Frank S and Shatz, Carla J},
  journal={Science},
  volume={272},
  number={5265},
  pages={1182--1187},
  year={1996},
  publisher={American Association for the Advancement of Science}
}
@article{meister1991synchronous,
  title={Synchronous bursts of action potentials in ganglion cells of the developing mammalian retina},
  author={Meister, Markus and Wong, Rachel OL and Baylor, Denis A and Shatz, Carla J},
  journal={Science},
  volume={252},
  number={5008},
  pages={939--943},
  year={1991},
  publisher={American Association for the Advancement of Science}
}
@article{penn1998competition,
  title={Competition in retinogeniculate patterning driven by spontaneous activity},
  author={Penn, Anna A and Riquelme, Patricio A and Feller, Marla B and Shatz, Carla J},
  journal={Science},
  volume={279},
  number={5359},
  pages={2108--2112},
  year={1998},
  publisher={American Association for the Advancement of Science}
}
@article{chiu2001spontaneous,
  title={Spontaneous activity in developing ferret visual cortex in vivo},
  author={Chiu, Chiayu and Weliky, Michael},
  journal={Journal of Neuroscience},
  volume={21},
  number={22},
  pages={8906--8914},
  year={2001},
  publisher={Soc Neuroscience}
}
@article{smith2018distributed,
  title={Distributed network interactions and their emergence in developing neocortex},
  author={Smith, Gordon B and Hein, Bettina and Whitney, David E and Fitzpatrick, David and Kaschube, Matthias},
  journal={Nature neuroscience},
  volume={21},
  number={11},
  pages={1600--1608},
  year={2018},
  publisher={Nature Publishing Group US New York}
}
@article{chang2020experience,
  title={Experience-dependent reorganization drives development of a binocularly unified cortical representation of orientation},
  author={Chang, Jeremy T and Whitney, David and Fitzpatrick, David},
  journal={Neuron},
  volume={107},
  number={2},
  pages={338--350},
  year={2020},
  publisher={Elsevier}
}
@article{chapman1996development,
  title={Development of orientation preference maps in ferret primary visual cortex},
  author={Chapman, Barbara and Stryker, Michael P and Bonhoeffer, Tobias},
  journal={Journal of Neuroscience},
  volume={16},
  number={20},
  pages={6443--6453},
  year={1996},
  publisher={Soc Neuroscience}
}
@article{crair1998role,
  title={The role of visual experience in the development of columns in cat visual cortex},
  author={Crair, Michael C and Gillespie, Deda C and Stryker, Michael P},
  journal={Science},
  volume={279},
  number={5350},
  pages={566--570},
  year={1998},
  publisher={American Association for the Advancement of Science}
}
@article{godecke1997development,
  title={Development of orientation preference maps in area 18 of kitten visual cortex},
  author={G{\"o}decke, Lmke and Kim, Dae-Shik and Bonhoeffer, Tobias and Singer, Wolf},
  journal={European Journal of Neuroscience},
  volume={9},
  number={8},
  pages={1754--1762},
  year={1997},
  publisher={Wiley Online Library}
}
@article{schmidt1999matching,
  title={Matching the modules: Cortical maps and long-range intrinsic connections in visual cortex during development},
  author={Schmidt, Kerstin E and Galuske, Ralf AW and Singer, Wolf},
  journal={Journal of neurobiology},
  volume={41},
  number={1},
  pages={10--17},
  year={1999},
  publisher={Wiley Online Library}
}
@incollection{read2021neural,
  title={Neural network models of personality structure and dynamics},
  author={Read, Stephen J and Miller, Lynn Carol},
  booktitle={Measuring and Modeling Persons and Situations},
  pages={499--538},
  year={2021},
  publisher={Elsevier}
}
@article{abbott1994decoding,
  title={Decoding neuronal firing and modelling neural networks},
  author={Abbott, LF},
  journal={Quarterly reviews of biophysics},
  volume={27},
  number={3},
  pages={291--331},
  year={1994},
  publisher={Cambridge University Press}
}
@article{ben1995theory,
  title={Theory of orientation tuning in visual cortex.},
  author={Ben-Yishai, Rani and Bar-Or, R Lev and Sompolinsky, Haim},
  journal={Proceedings of the National Academy of Sciences},
  volume={92},
  number={9},
  pages={3844--3848},
  year={1995},
  publisher={National Acad Sciences}
}
@article{douglas1995recurrent,
  title={Recurrent excitation in neocortical circuits},
  author={Douglas, Rodney J and Koch, Christof and Mahowald, Misha and Martin, Kevan AC and Suarez, Humbert H},
  journal={Science},
  volume={269},
  number={5226},
  pages={981--985},
  year={1995},
  publisher={American Association for the Advancement of Science}
}
@article{miller2016canonical,
  title={Canonical computations of cerebral cortex},
  author={Miller, Kenneth D},
  journal={Current opinion in neurobiology},
  volume={37},
  pages={75--84},
  year={2016},
  publisher={Elsevier}
}
@article{christie2017cortical,
  title={Cortical amplification models of experience-dependent development of selective columns and response sparsification},
  author={Christie, Ian K and Miller, Paul and Van Hooser, Stephen D},
  journal={Journal of neurophysiology},
  volume={118},
  number={2},
  pages={874--893},
  year={2017},
  publisher={American Physiological Society Bethesda, MD}
}
@article{peron2020recurrent,
  title={Recurrent interactions in local cortical circuits},
  author={Peron, Simon and Pancholi, Ravi and Voelcker, Bettina and Wittenbach, Jason D and {\'O}lafsd{\'o}ttir, H Freyja and Freeman, Jeremy and Svoboda, Karel},
  journal={Nature},
  volume={579},
  number={7798},
  pages={256--259},
  year={2020},
  publisher={Nature Publishing Group UK London}
}
@article{machens2010functional,
  title={Functional, but not anatomical, separation of “what” and “when” in prefrontal cortex},
  author={Machens, Christian K and Romo, Ranulfo and Brody, Carlos D},
  journal={Journal of Neuroscience},
  volume={30},
  number={1},
  pages={350--360},
  year={2010},
  publisher={Soc Neuroscience}
}
@article{mante2013context,
  title={Context-dependent computation by recurrent dynamics in prefrontal cortex},
  author={Mante, Valerio and Sussillo, David and Shenoy, Krishna V and Newsome, William T},
  journal={nature},
  volume={503},
  number={7474},
  pages={78--84},
  year={2013},
  publisher={Nature Publishing Group UK London}
}
@article{rigotti2013importance,
  title={The importance of mixed selectivity in complex cognitive tasks},
  author={Rigotti, Mattia and Barak, Omri and Warden, Melissa R and Wang, Xiao-Jing and Daw, Nathaniel D and Miller, Earl K and Fusi, Stefano},
  journal={Nature},
  volume={497},
  number={7451},
  pages={585--590},
  year={2013},
  publisher={Nature Publishing Group UK London}
}
@article{gao2015simplicity,
  title={On simplicity and complexity in the brave new world of large-scale neuroscience},
  author={Gao, Peiran and Ganguli, Surya},
  journal={Current opinion in neurobiology},
  volume={32},
  pages={148--155},
  year={2015},
  publisher={Elsevier}
}
@article{gallego2018cortical,
  title={Cortical population activity within a preserved neural manifold underlies multiple motor behaviors},
  author={Gallego, Juan A and Perich, Matthew G and Naufel, Stephanie N and Ethier, Christian and Solla, Sara A and Miller, Lee E},
  journal={Nature communications},
  volume={9},
  number={1},
  pages={4233},
  year={2018},
  publisher={Nature Publishing Group UK London}
}
@article{chaisangmongkon2017computing,
  title={Computing by robust transience: how the fronto-parietal network performs sequential, category-based decisions},
  author={Chaisangmongkon, Warasinee and Swaminathan, Sruthi K and Freedman, David J and Wang, Xiao-Jing},
  journal={Neuron},
  volume={93},
  number={6},
  pages={1504--1517},
  year={2017},
  publisher={Elsevier}
}
@article{wang2018flexible,
  title={Flexible timing by temporal scaling of cortical responses},
  author={Wang, Jing and Narain, Devika and Hosseini, Eghbal A and Jazayeri, Mehrdad},
  journal={Nature neuroscience},
  volume={21},
  number={1},
  pages={102--110},
  year={2018},
  publisher={Nature Publishing Group US New York}
}
@article{sohn2019bayesian,
  title={Bayesian computation through cortical latent dynamics},
  author={Sohn, Hansem and Narain, Devika and Meirhaeghe, Nicolas and Jazayeri, Mehrdad},
  journal={Neuron},
  volume={103},
  number={5},
  pages={934--947},
  year={2019},
  publisher={Elsevier}
}
@phdthesis{oh2004learning,
  title={Learning to segment texture in 2D vs. 3D: A comparative study},
  author={Oh, Se Jong},
  year={2004},
  school={Texas A\&M University}
}
@article{kardarcortical,
title={The Mammalian Visual System},
author={Mehran Kardar},
journal={https://www.mit.edu/~kardar/research/seminars/CorticalMaps/VisualSystem.html},
publisher={Massachusetts Institute of Technology}
}
@article{montgomery1997seeing,
  title={Seeing, hearing and smelling the world},
  author={Montgomery, G},
  year={1997}
}
@article{dahmen2022global,
  title={Global organization of neuronal activity only requires unstructured local connectivity},
  author={Dahmen, David and Layer, Moritz and Deutz, Lukas and D{\k{a}}browska, Paulina Anna and Voges, Nicole and von Papen, Michael and Brochier, Thomas and Riehle, Alexa and Diesmann, Markus and Gr{\"u}n, Sonja and others},
  journal={Elife},
  volume={11},
  pages={e68422},
  year={2022},
  publisher={eLife Sciences Publications Limited}
}
@article{eckmann2022synapse,
  title={Synapse-type-specific competitive Hebbian learning forms functional recurrent networks},
  author={Eckmann, Samuel and Young, Edward James and Gjorgjieva, Julijana},
  journal={bioRxiv},
  pages={2022--03},
  year={2022},
  publisher={Cold Spring Harbor Laboratory}
}
@Comment{jabref-meta: databaseType:bibtex;}
